% This file was created with JabRef 2.10.
% Encoding: utf8

@Misc{opencvdoc,
  Title                    = {OpenCV documentation [Электронный ресурс]},
  Note                     = {Режим доступа: \url{http://docs.opencv.org/}. --- Дата доступа: 22.03.2013},

  Owner                    = {mstyura},
  Timestamp                = {2013.03.22}
}

@Misc{md_1998,
  Title                    = {Motion Detection and Segmentation. [Электронный ресурс]},
  Author                   = {\mbox{R.Brooks, C.Breazeal, M.Marjanovic, B.Scassellat}},
  Note                     = {Режим доступа: \url{http://www.ai.mit.edu/projects/cog/VisionSystem/motion_detection.html}. --- Дата доступа: 16.03.2015},
  Year                     = {1998},
  Owner                    = {mstyura},
  Timestamp                = {2015.03.16},
  Language					= {russian}
}

@Misc{fisher_2002,
  Title                    = {CVOnline: Motion and time sequence Analysis [Электронный ресурс]},
  Author                   = {Fisher R},
  Note                     = {Режим доступа: \url{http://homepages.inf.ed.ac.uk/rbf/CVonline/motion.htm#chgdet}. --- Дата доступа: 28.04.2015},
  Year                     = {2002},
  Owner                    = {mstyura},
  Timestamp                = {2015.04.28}
}

@Article{soyfer_1996,
  Title                    = {Компьютерная обработка изображений. Часть 2. Методы и алгоритмы.},
  Author                   = {Сойфер В.А.},
  Journal                  = {Соросовский образовательный журнал},
  Year                     = {1996},
  Pages                    = {110--121},
  Volume                   = {№3},
  Language					= {russian}
}

@Misc{face_wiki,
  Title                    = {Face detection [Электронный ресурс]},
  Author                   = {Wikipedia, the free encyclopedia},
  Note                     = {Режим доступа: \url{http://en.wikipedia.org/wiki/Face_detection}. --- Дата доступа: 10.05.2015},
  Owner                    = {mstyura},
  Timestamp                = {2015.05.10}
}

@Misc{ocvrus_wiki,
  Title                    = {Learning OpenCV [Электронный ресурс]},
  Author                   = {Learning OpenCV},
  Note                     = {Режим доступа: \url{http://locv.ru/wiki}. --- Дата доступа: 21.03.2015},
  Year                     = {2013},
  Owner                    = {mstyura},
  Timestamp                = {2015.03.21}
}

@Electronic{fsdg_2010,
  Title                    = {Improved adaptive Gausian mixture model for background subtraction},
  Author                   = {Z.Zivkovic},
  Publisher					= {International Conference Pattern Recognition},
  Language                 = {english},
  Month                    = {August},
  Address				   = {UK.},
  Year                     = {2004},

  Owner                    = {mstyura},
  Timestamp                = {2013.03.21}
}

@Article{fd_2012,
  Title                    = {Распознавание лиц на основе применения метода Виолы-Джонса, Вейвлет-преобразования и метода главных компонент},
  Author                   = {Буй Тхи Тху Чанг, В.Г. Спицын, Фан Нгок Хоанг},
  Journal                  = {Известия Томского политехнического университета},
  Year                     = {2012},
  Pages                    = {110--121},
  Volume                   = {320 №5},
  Language					= {russian}
}

@Book{gorelik_2004,
  Title                    = {Методы распознавания. --- 4-е изд.},
  Author                   = {Горелик А. Л., Скрипкин В. А},
  Publisher                = {Springer},
  Year                     = {2004},

  Address                  = {М.},

  Owner                    = {mstyura},
  Pages                    = {262},
  Timestamp                = {2013.03.14},
  Language					= {russian}
}

@Book{gpu_2012,
  Title                    = {Параллельные вычисления на GPU.Архитектура и программная модель CUDA: Учебное пособие.},
  Author                   = {А. В. Боресков},
  Publisher                = {Издательство Московского университета},
  Year                     = {2012},

  Address                  = {М.},

  Owner                    = {mstyura},
  Pages                    = {336},
  Timestamp                = {2013.03.14},
  Language					= {russian}
}

@comment{jabref-meta: selector_howpublished:}

@comment{jabref-meta: selector_publisher:}

